@article{personreid1,
  author={Gong, S., Cristani, M., Yan, S., Loy, C.C},
  title = {Person re-identification},
  journal={Springer},
  year={2014}
}

@article{personreid_eccv_1,
  author={Chen et al.},
  title = {Person Search via A Mask-Guided Two-Stream CNN Model},
  journal={European Conference on Computer Vision (ECCV)},
  year={2018}
}

@article{spacetimeprior,
    author={Chih-Wei Wu and Chih-Ting Liu and Cheng-En Chiang and Wei-Chih Tu and Shao-Yi Chien},
    title={Vehicle Re-Identification With the Space-Time Prior},
    journal={Computer Vision and Pattern Recognition (CVPR)},
    year={2018}
}